@article{hallas,
  title={Tutorial: a beginnerâ€™s guide to interpreting magnetic susceptibility data with the Curie-Weiss law},
  author={Mugiraneza, Sam and Hallas, Alannah M},
  journal={Communications Physics},
  volume={5},
  number={1},
  pages={95},
  year={2022},
  publisher={Nature Publishing Group UK London}
}